%% This BibTeX bibliography file was created using BibDesk.
%% http://bibdesk.sourceforge.net/


%% Created for Ivica Nakić at 2009-10-31 16:17:17 +0100 


%% Saved with string encoding Unicode (UTF-8) 

@inproceedings{smola2003kernels,
  title={Kernels and regularization on graphs},
  author={Smola, A. J. and Kondor, R.},
  booktitle={Learning Theory and Kernel Machines: 16th Annual Conference on Learning Theory and 7th Kernel Workshop, COLT/Kernel 2003, Washington, DC, USA, August 24-27, 2003. Proceedings},
  pages={144--158},
  year={2003},
  organization={Springer}
}

@article{DiGraph_Kernel,
  title={Kernels of directed graph Laplacians},
  author={Caughman, J. S. and Veerman, J.J.P.},
  journal={the electronic journal of combinatorics},
  volume={13},
  number={1},
  pages={R39},
  year={2006}
}
@article{DiGraphReach,
  title={A primer on laplacian dynamics in directed graphs},
  author={Lyons, R. and Veerman, J.J. P.},
  journal={arXiv preprint arXiv:2002.02605},
  year={2020}
}

@inproceedings{Diskretna,
    title = {Diskretna matematika, ak. god. 2011.-12.},
    author = {Nakić, I.},
    journal = {PMF-MO, Sveučilište u Zagrebu},
    year={2011}
}
@inproceedings{Operacijska,
    title = {Operacijska istraživanja, 2022.-23.},
    author = {Horvat, S. and Vrdoljak, M.},
    journal = {PMF-MO, Sveučilište u Zagrebu},
    year={2022}
}
@inproceedings{ODJ,
    title = {Obične diferencijalne jednadžbe, ak. god. 2019.-20.},
    author = {Tutek, Z. and Vrdoljak, M.},
    journal = {PMF-MO, Sveučilište u Zagrebu},
    year={2019}
}

@article{nakic2022long,
  title={Numerically efficient H∞ analysis of cooperative multi-agent systems},
  author={Naki{\'c}, Ivica and Toli{\'c}, Domagoj and Tomljanovi{\'c}, Zoran and Palunko, Ivana},
  journal={Journal of the Franklin Institute},
  volume={359},
  number={16},
  pages={9110--9128},
  year={2022},
  publisher={Elsevier}
}

@article{nakic2022short,
  title={Numerically Efficient Agents-to-Group H∞ Analysis},
  author={Naki{\'c}, Ivica and Toli{\'c}, Domagoj and Palunko, Ivana and Tomljanovi{\'c}, Zoran},
  journal={IFAC-PapersOnLine},
  volume={55},
  number={20},
  pages={199--204},
  year={2022},
  publisher={Elsevier}
}